,period_end_date,revenue,gross_profit,rnd,operating_income,eps_diluted,shares_diluted,total_opex,total_current_assets,total_assets,accounts_payable,st_debt,total_current_liabilities,lt_debt,total_liabilities,total_equity,total_liabilities_and_equity,book_value,tangible_book_value,cfo_net_income,cf_cfo,cf_cfi,cf_cff,fcf,roa,roe,roic,roce,rotce,gross_margin,operating_margin,net_income_margin,fcf_margin,assets_to_equity,equity_to_assets,debt_to_equity,debt_to_assets,book_value_per_share,tangible_book_per_share,revenue_per_share,operating_income_per_share,fcf_per_share,revenue_growth,operating_income_growth,net_income_growth,eps_diluted_growth,shares_diluted_growth,total_assets_growth,total_equity_growth,fcf_growth,market_cap,period_end_price,price_to_fcf,price_to_earnings,price_to_book,price_to_tangible_book,price_to_sales,intangible_assets,goodwill,shares_eop,dividends
ABNB,0,0,0,0,0,0,0,0,0,0,0,0,0,0,0,0,0,0,0,0,0,0,0,0,0,0,0,0,0,0,0,0,0,0,0,0,0,0,0,0,0,0,0,0,0,0,0,0,0,0,0,0,0,0,0,0,0,0,0,0,0
ABNB,0,0,0,0,0,0,0,0,0,0,0,0,0,0,0,0,0,0,0,0,0,0,0,0,0,0,0,0,0,0,0,0,0,0,0,0,0,0,0,0,0,0,0,0,0,0,0,0,0,0,0,0,0,0,0,0,0,0,0,0,0
ABNB,0,0,0,0,0,0,0,0,0,0,0,0,0,0,0,0,0,0,0,0,0,0,0,0,0,0,0,0,0,0,0,0,0,0,0,0,0,0,0,0,0,0,0,0,0,0,0,0,0,0,0,0,0,0,0,0,0,0,0,0,0
ABNB,0,0,0,0,0,0,0,0,0,0,0,0,0,0,0,0,0,0,0,0,0,0,0,0,0,0,0,0,0,0,0,0,0,0,0,0,0,0,0,0,0,0,0,0,0,0,0,0,0,0,0,0,0,0,0,0,0,0,0,0,0
ABNB,0,0,0,0,0,0,0,0,0,0,0,0,0,0,0,0,0,0,0,0,0,0,0,0,0,0,0,0,0,0,0,0,0,0,0,0,0,0,0,0,0,0,0,0,0,0,0,0,0,0,0,0,0,0,0,0,0,0,0,0,0
ABNB,0,0,0,0,0,0,0,0,0,0,0,0,0,0,0,0,0,0,0,0,0,0,0,0,0,0,0,0,0,0,0,0,0,0,0,0,0,0,0,0,0,0,0,0,0,0,0,0,0,0,0,0,0,0,0,0,0,0,0,0,0
ABNB,0,0,0,0,0,0,0,0,0,0,0,0,0,0,0,0,0,0,0,0,0,0,0,0,0,0,0,0,0,0,0,0,0,0,0,0,0,0,0,0,0,0,0,0,0,0,0,0,0,0,0,0,0,0,0,0,0,0,0,0,0
ABNB,0,0,0,0,0,0,0,0,0,0,0,0,0,0,0,0,0,0,0,0,0,0,0,0,0,0,0,0,0,0,0,0,0,0,0,0,0,0,0,0,0,0,0,0,0,0,0,0,0,0,0,0,0,0,0,0,0,0,0,0,0
ABNB,0,0,0,0,0,0,0,0,0,0,0,0,0,0,0,0,0,0,0,0,0,0,0,0,0,0,0,0,0,0,0,0,0,0,0,0,0,0,0,0,0,0,0,0,0,0,0,0,0,0,0,0,0,0,0,0,0,0,0,0,0
ABNB,0,0,0,0,0,0,0,0,0,0,0,0,0,0,0,0,0,0,0,0,0,0,0,0,0,0,0,0,0,0,0,0,0,0,0,0,0,0,0,0,0,0,0,0,0,0,0,0,0,0,0,0,0,0,0,0,0,0,0,0,0
ABNB,0,0,0,0,0,0,0,0,0,0,0,0,0,0,0,0,0,0,0,0,0,0,0,0,0,0,0,0,0,0,0,0,0,0,0,0,0,0,0,0,0,0,0,0,0,0,0,0,0,0,0,0,0,0,0,0,0,0,0,0,0
ABNB,0,0,0,0,0,0,0,0,0,0,0,0,0,0,0,0,0,0,0,0,0,0,0,0,0,0,0,0,0,0,0,0,0,0,0,0,0,0,0,0,0,0,0,0,0,0,0,0,0,0,0,0,0,0,0,0,0,0,0,0,0
ABNB,0,0,0,0,0,0,0,0,0,0,0,0,0,0,0,0,0,0,0,0,0,0,0,0,0,0,0,0,0,0,0,0,0,0,0,0,0,0,0,0,0,0,0,0,0,0,0,0,0,0,0,0,0,0,0,0,0,0,0,0,0
ABNB,0,0,0,0,0,0,0,0,0,0,0,0,0,0,0,0,0,0,0,0,0,0,0,0,0,0,0,0,0,0,0,0,0,0,0,0,0,0,0,0,0,0,0,0,0,0,0,0,0,0,0,0,0,0,0,0,0,0,0,0,0
ABNB,0,0,0,0,0,0,0,0,0,0,0,0,0,0,0,0,0,0,0,0,0,0,0,0,0,0,0,0,0,0,0,0,0,0,0,0,0,0,0,0,0,0,0,0,0,0,0,0,0,0,0,0,0,0,0,0,0,0,0,0,0
ABNB,0,0,0,0,0,0,0,0,0,0,0,0,0,0,0,0,0,0,0,0,0,0,0,0,0,0,0,0,0,0,0,0,0,0,0,0,0,0,0,0,0,0,0,0,0,0,0,0,0,0,0,0,0,0,0,0,0,0,0,0,0
ABNB,0,0,0,0,0,0,0,0,0,0,0,0,0,0,0,0,0,0,0,0,0,0,0,0,0,0,0,0,0,0,0,0,0,0,0,0,0,0,0,0,0,0,0,0,0,0,0,0,0,0,0,0,0,0,0,0,0,0,0,0,0
ABNB,0,0,0,0,0,0,0,0,0,0,0,0,0,0,0,0,0,0,0,0,0,0,0,0,0,0,0,0,0,0,0,0,0,0,0,0,0,0,0,0,0,0,0,0,0,0,0,0,0,0,0,0,0,0,0,0,0,0,0,0,0
ABNB,0,0,0,0,0,0,0,0,0,0,0,0,0,0,0,0,0,0,0,0,0,0,0,0,0,0,0,0,0,0,0,0,0,0,0,0,0,0,0,0,0,0,0,0,0,0,0,0,0,0,0,0,0,0,0,0,0,0,0,0,0
ABNB,0,0,0,0,0,0,0,0,0,0,0,0,0,0,0,0,0,0,0,0,0,0,0,0,0,0,0,0,0,0,0,0,0,0,0,0,0,0,0,0,0,0,0,0,0,0,0,0,0,0,0,0,0,0,0,0,0,0,0,0,0
ABNB,0,0,0,0,0,0,0,0,0,0,0,0,0,0,0,0,0,0,0,0,0,0,0,0,0,0,0,0,0,0,0,0,0,0,0,0,0,0,0,0,0,0,0,0,0,0,0,0,0,0,0,0,0,0,0,0,0,0,0,0,0
ABNB,0,0,0,0,0,0,0,0,0,0,0,0,0,0,0,0,0,0,0,0,0,0,0,0,0,0,0,0,0,0,0,0,0,0,0,0,0,0,0,0,0,0,0,0,0,0,0,0,0,0,0,0,0,0,0,0,0,0,0,0,0
ABNB,0,0,0,0,0,0,0,0,0,0,0,0,0,0,0,0,0,0,0,0,0,0,0,0,0,0,0,0,0,0,0,0,0,0,0,0,0,0,0,0,0,0,0,0,0,0,0,0,0,0,0,0,0,0,0,0,0,0,0,0,0
ABNB,0,0,0,0,0,0,0,0,0,0,0,0,0,0,0,0,0,0,0,0,0,0,0,0,0,0,0,0,0,0,0,0,0,0,0,0,0,0,0,0,0,0,0,0,0,0,0,0,0,0,0,0,0,0,0,0,0,0,0,0,0
ABNB,0,0,0,0,0,0,0,0,0,0,0,0,0,0,0,0,0,0,0,0,0,0,0,0,0,0,0,0,0,0,0,0,0,0,0,0,0,0,0,0,0,0,0,0,0,0,0,0,0,0,0,0,0,0,0,0,0,0,0,0,0
ABNB,0,0,0,0,0,0,0,0,0,0,0,0,0,0,0,0,0,0,0,0,0,0,0,0,0,0,0,0,0,0,0,0,0,0,0,0,0,0,0,0,0,0,0,0,0,0,0,0,0,0,0,0,0,0,0,0,0,0,0,0,0
ABNB,0,0,0,0,0,0,0,0,0,0,0,0,0,0,0,0,0,0,0,0,0,0,0,0,0,0,0,0,0,0,0,0,0,0,0,0,0,0,0,0,0,0,0,0,0,0,0,0,0,0,0,0,0,0,0,0,0,0,0,0,0
ABNB,0,0,0,0,0,0,0,0,0,0,0,0,0,0,0,0,0,0,0,0,0,0,0,0,0,0,0,0,0,0,0,0,0,0,0,0,0,0,0,0,0,0,0,0,0,0,0,0,0,0,0,0,0,0,0,0,0,0,0,0,0
ABNB,0,0,0,0,0,0,0,0,0,0,0,0,0,0,0,0,0,0,0,0,0,0,0,0,0,0,0,0,0,0,0,0,0,0,0,0,0,0,0,0,0,0,0,0,0,0,0,0,0,0,0,0,0,0,0,0,0,0,0,0,0
ABNB,0,0,0,0,0,0,0,0,0,0,0,0,0,0,0,0,0,0,0,0,0,0,0,0,0,0,0,0,0,0,0,0,0,0,0,0,0,0,0,0,0,0,0,0,0,0,0,0,0,0,0,0,0,0,0,0,0,0,0,0,0
ABNB,0,0,0,0,0,0,0,0,0,0,0,0,0,0,0,0,0,0,0,0,0,0,0,0,0,0,0,0,0,0,0,0,0,0,0,0,0,0,0,0,0,0,0,0,0,0,0,0,0,0,0,0,0,0,0,0,0,0,0,0,0
ABNB,0,0,0,0,0,0,0,0,0,0,0,0,0,0,0,0,0,0,0,0,0,0,0,0,0,0,0,0,0,0,0,0,0,0,0,0,0,0,0,0,0,0,0,0,0,0,0,0,0,0,0,0,0,0,0,0,0,0,0,0,0
ABNB,0,0,0,0,0,0,0,0,0,0,0,0,0,0,0,0,0,0,0,0,0,0,0,0,0,0,0,0,0,0,0,0,0,0,0,0,0,0,0,0,0,0,0,0,0,0,0,0,0,0,0,0,0,0,0,0,0,0,0,0,0
ABNB,0,0,0,0,0,0,0,0,0,0,0,0,0,0,0,0,0,0,0,0,0,0,0,0,0,0,0,0,0,0,0,0,0,0,0,0,0,0,0,0,0,0,0,0,0,0,0,0,0,0,0,0,0,0,0,0,0,0,0,0,0
ABNB,0,0,0,0,0,0,0,0,0,0,0,0,0,0,0,0,0,0,0,0,0,0,0,0,0,0,0,0,0,0,0,0,0,0,0,0,0,0,0,0,0,0,0,0,0,0,0,0,0,0,0,0,0,0,0,0,0,0,0,0,0
ABNB,0,0,0,0,0,0,0,0,0,0,0,0,0,0,0,0,0,0,0,0,0,0,0,0,0,0,0,0,0,0,0,0,0,0,0,0,0,0,0,0,0,0,0,0,0,0,0,0,0,0,0,0,0,0,0,0,0,0,0,0,0
ABNB,0,0,0,0,0,0,0,0,0,0,0,0,0,0,0,0,0,0,0,0,0,0,0,0,0,0,0,0,0,0,0,0,0,0,0,0,0,0,0,0,0,0,0,0,0,0,0,0,0,0,0,0,0,0,0,0,0,0,0,0,0
ABNB,0,0,0,0,0,0,0,0,0,0,0,0,0,0,0,0,0,0,0,0,0,0,0,0,0,0,0,0,0,0,0,0,0,0,0,0,0,0,0,0,0,0,0,0,0,0,0,0,0,0,0,0,0,0,0,0,0,0,0,0,0
ABNB,0,0,0,0,0,0,0,0,0,0,0,0,0,0,0,0,0,0,0,0,0,0,0,0,0,0,0,0,0,0,0,0,0,0,0,0,0,0,0,0,0,0,0,0,0,0,0,0,0,0,0,0,0,0,0,0,0,0,0,0,0
ABNB,0,0,0,0,0,0,0,0,0,0,0,0,0,0,0,0,0,0,0,0,0,0,0,0,0,0,0,0,0,0,0,0,0,0,0,0,0,0,0,0,0,0,0,0,0,0,0,0,0,0,0,0,0,0,0,0,0,0,0,0,0
ABNB,0,0,0,0,0,0,0,0,0,0,0,0,0,0,0,0,0,0,0,0,0,0,0,0,0,0,0,0,0,0,0,0,0,0,0,0,0,0,0,0,0,0,0,0,0,0,0,0,0,0,0,0,0,0,0,0,0,0,0,0,0
ABNB,0,0,0,0,0,0,0,0,0,0,0,0,0,0,0,0,0,0,0,0,0,0,0,0,0,0,0,0,0,0,0,0,0,0,0,0,0,0,0,0,0,0,0,0,0,0,0,0,0,0,0,0,0,0,0,0,0,0,0,0,0
ABNB,0,0,0,0,0,0,0,0,0,0,0,0,0,0,0,0,0,0,0,0,0,0,0,0,0,0,0,0,0,0,0,0,0,0,0,0,0,0,0,0,0,0,0,0,0,0,0,0,0,0,0,0,0,0,0,0,0,0,0,0,0
ABNB,0,0,0,0,0,0,0,0,0,0,0,0,0,0,0,0,0,0,0,0,0,0,0,0,0,0,0,0,0,0,0,0,0,0,0,0,0,0,0,0,0,0,0,0,0,0,0,0,0,0,0,0,0,0,0,0,0,0,0,0,0
ABNB,0,0,0,0,0,0,0,0,0,0,0,0,0,0,0,0,0,0,0,0,0,0,0,0,0,0,0,0,0,0,0,0,0,0,0,0,0,0,0,0,0,0,0,0,0,0,0,0,0,0,0,0,0,0,0,0,0,0,0,0,0
ABNB,0,0,0,0,0,0,0,0,0,0,0,0,0,0,0,0,0,0,0,0,0,0,0,0,0,0,0,0,0,0,0,0,0,0,0,0,0,0,0,0,0,0,0,0,0,0,0,0,0,0,0,0,0,0,0,0,0,0,0,0,0
ABNB,0,0,0,0,0,0,0,0,0,0,0,0,0,0,0,0,0,0,0,0,0,0,0,0,0,0,0,0,0,0,0,0,0,0,0,0,0,0,0,0,0,0,0,0,0,0,0,0,0,0,0,0,0,0,0,0,0,0,0,0,0
ABNB,0,0,0,0,0,0,0,0,0,0,0,0,0,0,0,0,0,0,0,0,0,0,0,0,0,0,0,0,0,0,0,0,0,0,0,0,0,0,0,0,0,0,0,0,0,0,0,0,0,0,0,0,0,0,0,0,0,0,0,0,0
ABNB,0,0,0,0,0,0,0,0,0,0,0,0,0,0,0,0,0,0,0,0,0,0,0,0,0,0,0,0,0,0,0,0,0,0,0,0,0,0,0,0,0,0,0,0,0,0,0,0,0,0,0,0,0,0,0,0,0,0,0,0,0
ABNB,0,0,0,0,0,0,0,0,0,0,0,0,0,0,0,0,0,0,0,0,0,0,0,0,0,0,0,0,0,0,0,0,0,0,0,0,0,0,0,0,0,0,0,0,0,0,0,0,0,0,0,0,0,0,0,0,0,0,0,0,0
ABNB,0,0,0,0,0,0,0,0,0,0,0,0,0,0,0,0,0,0,0,0,0,0,0,0,0,0,0,0,0,0,0,0,0,0,0,0,0,0,0,0,0,0,0,0,0,0,0,0,0,0,0,0,0,0,0,0,0,0,0,0,0
ABNB,0,0,0,0,0,0,0,0,0,0,0,0,0,0,0,0,0,0,0,0,0,0,0,0,0,0,0,0,0,0,0,0,0,0,0,0,0,0,0,0,0,0,0,0,0,0,0,0,0,0,0,0,0,0,0,0,0,0,0,0,0
ABNB,0,0,0,0,0,0,0,0,0,0,0,0,0,0,0,0,0,0,0,0,0,0,0,0,0,0,0,0,0,0,0,0,0,0,0,0,0,0,0,0,0,0,0,0,0,0,0,0,0,0,0,0,0,0,0,0,0,0,0,0,0
ABNB,0,0,0,0,0,0,0,0,0,0,0,0,0,0,0,0,0,0,0,0,0,0,0,0,0,0,0,0,0,0,0,0,0,0,0,0,0,0,0,0,0,0,0,0,0,0,0,0,0,0,0,0,0,0,0,0,0,0,0,0,0
ABNB,0,0,0,0,0,0,0,0,0,0,0,0,0,0,0,0,0,0,0,0,0,0,0,0,0,0,0,0,0,0,0,0,0,0,0,0,0,0,0,0,0,0,0,0,0,0,0,0,0,0,0,0,0,0,0,0,0,0,0,0,0
ABNB,0,0,0,0,0,0,0,0,0,0,0,0,0,0,0,0,0,0,0,0,0,0,0,0,0,0,0,0,0,0,0,0,0,0,0,0,0,0,0,0,0,0,0,0,0,0,0,0,0,0,0,0,0,0,0,0,0,0,0,0,0
ABNB,0,0,0,0,0,0,0,0,0,0,0,0,0,0,0,0,0,0,0,0,0,0,0,0,0,0,0,0,0,0,0,0,0,0,0,0,0,0,0,0,0,0,0,0,0,0,0,0,0,0,0,0,0,0,0,0,0,0,0,0,0
ABNB,0,0,0,0,0,0,0,0,0,0,0,0,0,0,0,0,0,0,0,0,0,0,0,0,0,0,0,0,0,0,0,0,0,0,0,0,0,0,0,0,0,0,0,0,0,0,0,0,0,0,0,0,0,0,0,0,0,0,0,0,0
ABNB,0,0,0,0,0,0,0,0,0,0,0,0,0,0,0,0,0,0,0,0,0,0,0,0,0,0,0,0,0,0,0,0,0,0,0,0,0,0,0,0,0,0,0,0,0,0,0,0,0,0,0,0,0,0,0,0,0,0,0,0,0
ABNB,0,0,0,0,0,0,0,0,0,0,0,0,0,0,0,0,0,0,0,0,0,0,0,0,0,0,0,0,0,0,0,0,0,0,0,0,0,0,0,0,0,0,0,0,0,0,0,0,0,0,0,0,0,0,0,0,0,0,0,0,0
ABNB,0,0,0,0,0,0,0,0,0,0,0,0,0,0,0,0,0,0,0,0,0,0,0,0,0,0,0,0,0,0,0,0,0,0,0,0,0,0,0,0,0,0,0,0,0,0,0,0,0,0,0,0,0,0,0,0,0,0,0,0,0
ABNB,0,0,0,0,0,0,0,0,0,0,0,0,0,0,0,0,0,0,0,0,0,0,0,0,0,0,0,0,0,0,0,0,0,0,0,0,0,0,0,0,0,0,0,0,0,0,0,0,0,0,0,0,0,0,0,0,0,0,0,0,0
ABNB,0,0,0,0,0,0,0,0,0,0,0,0,0,0,0,0,0,0,0,0,0,0,0,0,0,0,0,0,0,0,0,0,0,0,0,0,0,0,0,0,0,0,0,0,0,0,0,0,0,0,0,0,0,0,0,0,0,0,0,0,0
ABNB,0,0,0,0,0,0,0,0,0,0,0,0,0,0,0,0,0,0,0,0,0,0,0,0,0,0,0,0,0,0,0,0,0,0,0,0,0,0,0,0,0,0,0,0,0,0,0,0,0,0,0,0,0,0,0,0,0,0,0,0,0
ABNB,0,0,0,0,0,0,0,0,0,0,0,0,0,0,0,0,0,0,0,0,0,0,0,0,0,0,0,0,0,0,0,0,0,0,0,0,0,0,0,0,0,0,0,0,0,0,0,0,0,0,0,0,0,0,0,0,0,0,0,0,0
ABNB,0,0,0,0,0,0,0,0,0,0,0,0,0,0,0,0,0,0,0,0,0,0,0,0,0,0,0,0,0,0,0,0,0,0,0,0,0,0,0,0,0,0,0,0,0,0,0,0,0,0,0,0,0,0,0,0,0,0,0,0,0
ABNB,0,0,0,0,0,0,0,0,0,0,0,0,0,0,0,0,0,0,0,0,0,0,0,0,0,0,0,0,0,0,0,0,0,0,0,0,0,0,0,0,0,0,0,0,0,0,0,0,0,0,0,0,0,0,0,0,0,0,0,0,0
ABNB,0,0,0,0,0,0,0,0,0,0,0,0,0,0,0,0,0,0,0,0,0,0,0,0,0,0,0,0,0,0,0,0,0,0,0,0,0,0,0,0,0,0,0,0,0,0,0,0,0,0,0,0,0,0,0,0,0,0,0,0,0
ABNB,0,0,0,0,0,0,0,0,0,0,0,0,0,0,0,0,0,0,0,0,0,0,0,0,0,0,0,0,0,0,0,0,0,0,0,0,0,0,0,0,0,0,0,0,0,0,0,0,0,0,0,0,0,0,0,0,0,0,0,0,0
ABNB,0,0,0,0,0,0,0,0,0,0,0,0,0,0,0,0,0,0,0,0,0,0,0,0,0,0,0,0,0,0,0,0,0,0,0,0,0,0,0,0,0,0,0,0,0,0,0,0,0,0,0,0,0,0,0,0,0,0,0,0,0
ABNB,0,0,0,0,0,0,0,0,0,0,0,0,0,0,0,0,0,0,0,0,0,0,0,0,0,0,0,0,0,0,0,0,0,0,0,0,0,0,0,0,0,0,0,0,0,0,0,0,0,0,0,0,0,0,0,0,0,0,0,0,0
ABNB,0,0,0,0,0,0,0,0,0,0,0,0,0,0,0,0,0,0,0,0,0,0,0,0,0,0,0,0,0,0,0,0,0,0,0,0,0,0,0,0,0,0,0,0,0,0,0,0,0,0,0,0,0,0,0,0,0,0,0,0,0
ABNB,0,0,0,0,0,0,0,0,0,0,0,0,0,0,0,0,0,0,0,0,0,0,0,0,0,0,0,0,0,0,0,0,0,0,0,0,0,0,0,0,0,0,0,0,0,0,0,0,0,0,0,0,0,0,0,0,0,0,0,0,0
ABNB,0,0,0,0,0,0,0,0,0,0,0,0,0,0,0,0,0,0,0,0,0,0,0,0,0,0,0,0,0,0,0,0,0,0,0,0,0,0,0,0,0,0,0,0,0,0,0,0,0,0,0,0,0,0,0,0,0,0,0,0,0
ABNB,0,0,0,0,0,0,0,0,0,0,0,0,0,0,0,0,0,0,0,0,0,0,0,0,0,0,0,0,0,0,0,0,0,0,0,0,0,0,0,0,0,0,0,0,0,0,0,0,0,0,0,0,0,0,0,0,0,0,0,0,0
ABNB,0,0,0,0,0,0,0,0,0,0,0,0,0,0,0,0,0,0,0,0,0,0,0,0,0,0,0,0,0,0,0,0,0,0,0,0,0,0,0,0,0,0,0,0,0,0,0,0,0,0,0,0,0,0,0,0,0,0,0,0,0
ABNB,0,0,0,0,0,0,0,0,0,0,0,0,0,0,0,0,0,0,0,0,0,0,0,0,0,0,0,0,0,0,0,0,0,0,0,0,0,0,0,0,0,0,0,0,0,0,0,0,0,0,0,0,0,0,0,0,0,0,0,0,0
ABNB,0,0,0,0,0,0,0,0,0,0,0,0,0,0,0,0,0,0,0,0,0,0,0,0,0,0,0,0,0,0,0,0,0,0,0,0,0,0,0,0,0,0,0,0,0,0,0,0,0,0,0,0,0,0,0,0,0,0,0,0,0
ABNB,0,0,0,0,0,0,0,0,0,0,0,0,0,0,0,0,0,0,0,0,0,0,0,0,0,0,0,0,0,0,0,0,0,0,0,0,0,0,0,0,0,0,0,0,0,0,0,0,0,0,0,0,0,0,0,0,0,0,0,0,0
ABNB,0,0,0,0,0,0,0,0,0,0,0,0,0,0,0,0,0,0,0,0,0,0,0,0,0,0,0,0,0,0,0,0,0,0,0,0,0,0,0,0,0,0,0,0,0,0,0,0,0,0,0,0,0,0,0,0,0,0,0,0,0
ABNB,0,0,0,0,0,0,0,0,0,0,0,0,0,0,0,0,0,0,0,0,0,0,0,0,0,0,0,0,0,0,0,0,0,0,0,0,0,0,0,0,0,0,0,0,0,0,0,0,0,0,0,0,0,0,0,0,0,0,0,0,0
ABNB,2018-12,0,0,0,0,-0.03,530945000,0,5874532000,6613089000,70630000,0,3736010000,0,7130397000,-517308000,6613089000,-517308000,-835925000,0,0,0,0,0,0,0,0,0,0,0,0,0,0,-12.7836,-0.0782,0,0,-0.9743,-1.5744,0,0,0,0,0,0,0.7611,0.0177,0,0,0,0,0,0,0,0,0,0,28757000,289860000,530945000,0
ABNB,2019-12,1106796000,813178000,282899000,-327939000,-0.66,530945000,1141117000,6561443000,8310119000,151417000,0,5233764000,0,9117804000,-807685000,8310119000,-807685000,-1562685000,-351538000,-196374000,-297066000,170381000,-222548000,-0.1884,2.1225,2.9803,-0.4406,-0.5376,0.7347,-0.2962,-0.3176,-0.201,-10.2888,-0.0971,-0.4721,0.0458,-1.5212,-2.9432,2.0845,-0.6176,-0.4191,0,0,0,-19.6875,0,0.2566,-0.5613,0,0,0,0,0,0,0,0,102910000,652090000,530945000,0
ABNB,2020-03,841830000,564058000,258819000,-325489000,-0.64,530945000,889547000,0,0,0,0,0,0,0,0,0,0,0,-340605000,-569830000,2259000,-339202000,-585497000,-0.3278,3.3736,6.3916,-0.8464,-1.1217,0.67,-0.3866,-0.4046,-0.6955,0,0,0,0,0,0,1.5855,-0.613,-1.1027,-0.2393,0.0074,0.0311,0.0302,0,-1,1,-1.6308,0,0,0,0,0,0,0,0,0,530945000,0
ABNB,2020-06,334774000,173576000,217938000,-468974000,-1.08,530945000,642550000,0,0,0,0,0,0,0,0,0,0,0,-575588000,-256462000,-581070000,2543390000,-262648000,0,0,0,0,0,0.5184,-1.4008,-1.7193,-0.7845,0,0,0,0,0,0,0.6305,-0.8832,-0.4946,0,0,0,-7.0895,0.0177,0,0,0,0,0,0,0,0,0,0,0,0,596399000,0
ABNB,2020-09,1342331000,1115006000,213920000,441465000,0.36,596399000,673541000,7212208000,8728479000,45972000,0,5918050000,1811302000,8407255000,321224000,8728479000,321224000,-407109000,219328000,335670000,-237293000,-1029981000,328034000,-0.2402,-6.5275,-0.8345,-0.4845,-0.654,0.8306,0.3288,0.1633,0.2443,27.1725,0.0368,6.8219,0.251,0.5386,-0.6826,2.2507,0.7402,0.55,0,0,0,12.5,0.1232,0.3198,1.6209,0,0,0,0,0,0,0,0,74563000,653770000,596399000,0
ABNB,2020-12,859264000,649517000,2062195000,-3085794000,-11.24,599197000,3735311000,8916386000,10491499000,79898000,26755000,5139779000,1815562000,7589716000,2901783000,10491499000,2901783000,2170096000,-3887851000,-139110000,895694000,1766607000,-146992000,-0.477,-2.8449,-1.1927,-0.8398,-1.022,0.7558,-3.5912,-4.5246,-0.171,3.6155,0.2765,0.7833,0.2166,4.8427,3.6216,1.434,-5.1498,-0.2453,-0.2236,-8.4096,-10.0595,-15.9788,0.1285,0.2624,4.5927,0.3395,87962119600,146.8,-131.8568,-19.1859,30.3131,40.5337,26.0381,75887000,655800000,599197000,0
ABNB,2021-03,886936000,632421000,363061000,-334963000,-1.95,600960000,967384000,10926641000,12339077000,116688000,0,6573192000,1979398000,9179654000,3159423000,12339077000,3159423000,2436081000,-1172211000,494368000,-1172286000,1567534000,486662000,-0.4744,-1.7872,-1.0089,-0.6188,-0.7117,0.713,-0.3776,-1.3216,0.5487,3.9054,0.256,0.7603,0.1946,5.2572,4.0536,1.4758,-0.5573,0.8098,0.0535,-0.0291,-2.4415,-2.0373,0.1318,0,0,1.8311,116007280580,187.94,286.3981,-21.418,36.7178,47.6204,33.8875,69322000,654020000,617257000,0
ABNB,2021-06,1335196000,1040769000,349734000,-50716000,-0.11,611739000,1091485000,14095982000,15484810000,97669000,0,9496350000,1980455000,12091609000,3393201000,15484810000,3393201000,2674994000,-68217000,791299000,325516000,2333538000,783647000,-0.3528,-1.4983,-0.8652,-0.5155,-0.5876,0.7794,-0.0379,-0.051,0.5869,4.5634,0.2191,0.7051,0.1545,5.5468,4.3727,2.1826,-0.0829,1.281,2.9883,0.8918,0.8814,0.8985,0.1521,0,0,3.9836,94794578840,153.14,65.3147,-19.3105,27.9366,35.4373,21.4286,63657000,654550000,619006000,0
ABNB,2021-09,2237432000,1925852000,344410000,851508000,1.22,681916000,1074344000,12220917000,13582003000,97093000,0,6559314000,1981496000,9133069000,4448934000,13582003000,4448934000,3737314000,833893000,523178000,-175749000,-2323426000,517672000,-0.2954,-1.0952,-0.6816,-0.4027,-0.4524,0.8607,0.3805,0.3727,0.2313,3.0528,0.3275,0.5316,0.1741,6.5241,5.4806,3.281,1.2486,0.7591,0.6668,0.9288,2.802,2.3152,0.1433,0.556,12.8499,0.5781,104957652250,167.75,63.9599,-24.4406,23.5916,28.0837,19.7332,57980000,653640000,625679000,0
ABNB,2021-12,1532196000,1236885000,367843000,76337000,0.08,680896000,1160548000,12386380000,13708474000,118361000,0,6359282000,1982537000,8932761000,4775713000,13708474000,4775713000,4070803000,54501000,380849000,-329436000,-146487000,376391000,-0.0257,-0.0763,-0.0504,0.0754,0.0836,0.8072,0.0498,0.0355,0.2456,2.8704,0.3483,0.4931,0.1717,7.0138,5.9785,2.2502,0.1121,0.5527,0.7831,1.0247,1.014,1.0071,0.1363,0.3066,0.6457,3.5606,105785914610,166.49,48.876,-300.4991,22.1508,25.9864,17.6552,52310000,652600000,635389000,0
ADSK,0,0,0,0,0,0,0,0,0,0,0,0,0,0,0,0,0,0,0,0,0,0,0,0,0,0,0,0,0,0,0,0,0,0,0,0,0,0,0,0,0,0,0,0,0,0,0,0,0,0,0,0,0,0,0,0,0,0,0,0,0
ADSK,0,0,0,0,0,0,0,0,0,0,0,0,0,0,0,0,0,0,0,0,0,0,0,0,0,0,0,0,0,0,0,0,0,0,0,0,0,0,0,0,0,0,0,0,0,0,0,0,0,0,0,0,0,0,0,0,0,0,0,0,0
ADSK,0,0,0,0,0,0,0,0,0,0,0,0,0,0,0,0,0,0,0,0,0,0,0,0,0,0,0,0,0,0,0,0,0,0,0,0,0,0,0,0,0,0,0,0,0,0,0,0,0,0,0,0,0,0,0,0,0,0,0,0,0
ADSK,0,0,0,0,0,0,0,0,0,0,0,0,0,0,0,0,0,0,0,0,0,0,0,0,0,0,0,0,0,0,0,0,0,0,0,0,0,0,0,0,0,0,0,0,0,0,0,0,0,0,0,0,0,0,0,0,0,0,0,0,0
ADSK,0,0,0,0,0,0,0,0,0,0,0,0,0,0,0,0,0,0,0,0,0,0,0,0,0,0,0,0,0,0,0,0,0,0,0,0,0,0,0,0,0,0,0,0,0,0,0,0,0,0,0,0,0,0,0,0,0,0,0,0,0
ADSK,0,0,0,0,0,0,0,0,0,0,0,0,0,0,0,0,0,0,0,0,0,0,0,0,0,0,0,0,0,0,0,0,0,0,0,0,0,0,0,0,0,0,0,0,0,0,0,0,0,0,0,0,0,0,0,0,0,0,0,0,0
ADSK,0,0,0,0,0,0,0,0,0,0,0,0,0,0,0,0,0,0,0,0,0,0,0,0,0,0,0,0,0,0,0,0,0,0,0,0,0,0,0,0,0,0,0,0,0,0,0,0,0,0,0,0,0,0,0,0,0,0,0,0,0
ADSK,0,0,0,0,0,0,0,0,0,0,0,0,0,0,0,0,0,0,0,0,0,0,0,0,0,0,0,0,0,0,0,0,0,0,0,0,0,0,0,0,0,0,0,0,0,0,0,0,0,0,0,0,0,0,0,0,0,0,0,0,0
ADSK,0,0,0,0,0,0,0,0,0,0,0,0,0,0,0,0,0,0,0,0,0,0,0,0,0,0,0,0,0,0,0,0,0,0,0,0,0,0,0,0,0,0,0,0,0,0,0,0,0,0,0,0,0,0,0,0,0,0,0,0,0
ADSK,0,0,0,0,0,0,0,0,0,0,0,0,0,0,0,0,0,0,0,0,0,0,0,0,0,0,0,0,0,0,0,0,0,0,0,0,0,0,0,0,0,0,0,0,0,0,0,0,0,0,0,0,0,0,0,0,0,0,0,0,0
ADSK,0,0,0,0,0,0,0,0,0,0,0,0,0,0,0,0,0,0,0,0,0,0,0,0,0,0,0,0,0,0,0,0,0,0,0,0,0,0,0,0,0,0,0,0,0,0,0,0,0,0,0,0,0,0,0,0,0,0,0,0,0
ADSK,0,0,0,0,0,0,0,0,0,0,0,0,0,0,0,0,0,0,0,0,0,0,0,0,0,0,0,0,0,0,0,0,0,0,0,0,0,0,0,0,0,0,0,0,0,0,0,0,0,0,0,0,0,0,0,0,0,0,0,0,0
ADSK,0,0,0,0,0,0,0,0,0,0,0,0,0,0,0,0,0,0,0,0,0,0,0,0,0,0,0,0,0,0,0,0,0,0,0,0,0,0,0,0,0,0,0,0,0,0,0,0,0,0,0,0,0,0,0,0,0,0,0,0,0
ADSK,0,0,0,0,0,0,0,0,0,0,0,0,0,0,0,0,0,0,0,0,0,0,0,0,0,0,0,0,0,0,0,0,0,0,0,0,0,0,0,0,0,0,0,0,0,0,0,0,0,0,0,0,0,0,0,0,0,0,0,0,0
ADSK,0,0,0,0,0,0,0,0,0,0,0,0,0,0,0,0,0,0,0,0,0,0,0,0,0,0,0,0,0,0,0,0,0,0,0,0,0,0,0,0,0,0,0,0,0,0,0,0,0,0,0,0,0,0,0,0,0,0,0,0,0
ADSK,2003-04,210766000,173815000,47392000,6607000,0.03,226892000,167208000,435843000,872463000,43966000,0,310265000,0,313125000,559338000,872463000,559338000,371471000,7508000,17290000,-7305000,-17989000,13207000,0.0247,0.0385,0.0385,0.0611,0.0876,0.8246,0.0313,0.0356,0.0626,1.5598,0.6411,0,0,2.4652,1.6372,0.9289,0.0291,0.0582,-0.0809,-0.7093,-0.5744,-0.5333,-0.0418,-0.0614,-0.0707,1.4904,1766060000,7.78,30.4309,81.1198,3.1574,4.7542,2.19,187867000,0,227000000,0.015
ADSK,2003-07,211705000,175659000,49664000,13941000,0.14,226920000,161718000,495061000,916113000,47238000,0,332353000,0,335292000,580821000,916113000,580821000,420591000,32602000,30270000,20577000,-12884000,20488000,0.0476,0.0747,0.0747,0.0602,0.0865,0.8297,0.0658,0.1539,0.0967,1.5772,0.634,0,0,2.5595,1.8534,0.9329,0.0614,0.0902,0.0014,-0.0132,1.7722,1.9,-0.0071,-0.002,-0.0143,1.1437,1665072000,7.46,24.1433,39.0742,2.8667,3.9588,2.064,160230000,0,223200000,0.015
ADSK,2003-10,233862000,197253000,53004000,27940000,0.1,228333000,169313000,525175000,934828000,50816000,0,335212000,0,338342000,596486000,934828000,596486000,436322000,22607000,53390000,-32262000,-9811000,48539000,0.0746,0.1174,0.1174,0.0963,0.1321,0.8434,0.1194,0.0966,0.2075,1.5672,0.638,0,0,2.6123,1.9109,1.0242,0.1223,0.2125,0.2393,4.135,6.7815,7.6666,0.012,0.0381,0.0187,102.1229,2179296000,9.66,18.4709,31.525,3.6535,4.9946,2.5583,160164000,0,225600000,0.015
ADSK,2004-01,295310000,258080000,55102000,60931000,0.24,243259000,197149000,597252000,1017160000,52307000,0,384922000,0,395517000,621643000,1017160000,621643000,442171000,57599000,119133000,-40002000,-35786000,106847000,0.1232,0.1975,0.1975,0.1776,0.2452,0.8739,0.2063,0.195,0.3618,1.6362,0.6111,0,0,2.5554,1.8176,1.2139,0.2504,0.4392,0.5104,6.1264,7.9815,8.6,0.0645,0.151,0.0921,1.9886,2871204000,12.85,15.185,23.864,4.6187,6.4934,3.0171,179472000,0,223440000,0.015
ADSK,2004-04,297876000,256004000,57881000,61771000,0.18,238566000,194233000,565243000,990300000,46639000,0,350321000,0,353077000,637223000,990300000,637223000,454792000,42505000,55163000,17550000,-47401000,49299000,0.1547,0.2467,0.2467,0.2587,0.3615,0.8594,0.2073,0.1426,0.1655,1.554,0.6434,0,0,2.671,1.9063,1.2486,0.2589,0.2066,0.4133,8.3493,4.6612,4.1428,0.0514,0.135,0.1392,2.7327,3938600000,16.76,17.4914,25.3592,6.1808,8.6602,3.7916,182431000,0,235000000,0.015
ADSK,2004-07,279578000,239362000,58342000,53061000,0.16,250607000,186301000,642403000,1049406000,44315000,0,385252000,0,388341000,661065000,1049406000,661065000,477342000,39165000,83484000,-26400000,-14871000,73573000,0.1587,0.2493,0.2493,0.3123,0.4343,0.8561,0.1897,0.14,0.2631,1.5874,0.6299,0,0,2.6378,1.9047,1.1156,0.2117,0.2935,0.3206,2.8061,0.2013,0.1034,0.1043,0.1454,0.1381,2.591,4647120000,20.1,16.7007,28.708,7.0297,9.7354,4.1993,183723000,0,231200000,0.015
ADSK,2004-10,300158000,256764000,59942000,56780000,0.3,248045000,199984000,697520000,1082127000,50909000,0,407556000,0,408849000,673278000,1082127000,673278000,506609000,74070000,90779000,71560000,-136484000,77263000,0.2001,0.3197,0.3197,0.3474,0.4705,0.8554,0.1891,0.2467,0.2574,1.6072,0.6221,0,0,2.7143,2.0424,1.21,0.2289,0.3114,0.2834,1.0322,2.2765,2,0.0863,0.1575,0.1287,0.5917,6054210000,26.38,19.7217,28.3783,8.9921,11.9504,5.1616,166669000,0,229500000,0.015
ADSK,2005-01,361288000,317070000,65335000,86788000,0.27,246191000,230282000,781797000,1142204000,46234000,0,468340000,0,494126000,648078000,1142204000,648078000,472131000,65360000,143874000,112890000,-119044000,130765000,0.1988,0.3346,0.3346,0.3832,0.5138,0.8776,0.2402,0.1809,0.3619,1.7624,0.5673,0,0,2.6324,1.9177,1.4675,0.3525,0.5311,0.2234,0.4243,0.1347,0.125,0.012,0.1229,0.0425,0.2238,6684935070,29.37,20.2022,30.2348,10.315,14.159,5.3958,175947000,0,227611000,0.015
ADSK,2005-04,355119000,311612000,65852000,90622000,0.31,249272000,220990000,796710000,1177605000,61191000,0,436900000,0,466814000,710791000,1177605000,710791000,528066000,76078000,63317000,-24784000,-36933000,57783000,0.2195,0.3748,0.3748,0.4061,0.544,0.8774,0.2551,0.2142,0.1627,1.6567,0.6035,0,0,2.8514,2.1184,1.4246,0.3635,0.2318,0.1921,0.467,0.7898,0.7222,0.0448,0.1891,0.1154,0.172,7276338000,31.83,21.4398,28.5712,10.2369,13.7792,5.6138,182725000,0,228600000,0.015
ADSK,2005-07,376800000,332300000,73500000,91400000,0.31,250300000,240900000,806010000,1181892000,62658000,0,435105000,0,469612000,712280000,1181892000,712280000,507344000,78422000,113183000,-56216000,-95767000,108817000,0.2476,0.4106,0.4106,0.4377,0.592,0.8819,0.2425,0.2035,0.2887,1.6593,0.6026,0,0,2.8457,2.0269,1.5053,0.3651,0.4347,0.3477,0.7225,0.9583,0.9375,-0.0012,0.1262,0.0774,0.479,7808996000,34.19,20.8446,26.7241,10.9633,15.3919,5.6044,204936000,0,228400000,0
ADSK,2005-10,381500000,339000000,74300000,95200000,0.38,249500000,243800000,859786000,1290629000,62483000,0,463423000,0,513528000,777101000,1290629000,777101000,566168000,95700000,124900000,-129000000,-83500000,119500000,0.2538,0.4214,0.4214,0.4625,0.6286,0.8885,0.2495,0.2508,0.3132,1.6608,0.6021,0,0,3.1146,2.2692,1.529,0.3815,0.4789,0.2709,0.6766,0.292,0.2666,0.0058,0.1926,0.1542,0.5466,10413696000,45.12,24.9809,33.1817,13.4006,18.3932,7.0615,210933000,0,230800000,0
ADSK,2006-01,419800000,379200000,89000000,98300000,0.34,246000000,280900000,746800000,1355800000,56400000,0,487800000,0,552800000,803000000,1355800000,803000000,435000000,83400000,113800000,-128000000,-89400000,108600000,0.2508,0.42,0.42,0.443,0.6728,0.9032,0.2341,0.1986,0.2586,1.6884,0.5922,0,0,3.2642,1.7682,1.7065,0.3995,0.4414,0.1619,0.1326,0.276,0.2592,-0.0007,0.187,0.239,-0.1695,9339759000,40.59,23.6629,28.1421,11.631,21.4707,6.0916,49800000,318200000,230100000,0
ADSK,2006-04,436000000,386100000,99400000,59300000,0.2,244700000,326800000,786900000,1439600000,59800000,0,520000000,0,593300000,846300000,1439600000,846300000,440100000,48500000,90200000,-103800000,-16600000,78800000,0.2177,0.369,0.369,0.385,0.6792,0.8855,0.136,0.1112,0.1807,1.701,0.5878,0,0,3.4585,1.7985,1.7817,0.2423,0.322,0.2277,-0.3456,-0.3624,-0.3548,-0.0183,0.2224,0.1906,0.3637,9740668000,42.04,23.431,32.01,11.5097,22.1328,6.0347,51900000,354300000,231700000,0
ADSK,2006-07,449600000,393800000,98000000,102100000,0.36,243100000,291700000,835900000,1475500000,47800000,0,496800000,0,580500000,895000000,1475500000,895000000,479700000,86800000,162700000,92200000,-73600000,155700000,0.2157,0.3611,0.3611,0.3739,0.6591,0.8758,0.227,0.193,0.3463,1.6486,0.6065,0,0,3.6816,1.9732,1.8494,0.4199,0.6404,0.1932,0.117,0.1316,0.1612,-0.0287,0.2484,0.2565,0.4308,7886232000,34.11,17.0476,25.0834,8.8114,16.4399,4.6749,48800000,366500000,231200000,0
ADSK,2006-10,456800000,400500000,108900000,68600000,0.24,242000000,331900000,968600000,1600300000,70900000,0,512200000,0,599700000,1000600000,1600300000,1000600000,581800000,58000000,132900000,-66800000,9900000,125900000,0.1799,0.2919,0.2919,0.3176,0.5326,0.8767,0.1501,0.1269,0.2756,1.5993,0.6252,0,0,4.1347,2.4041,1.8876,0.2834,0.5202,0.1973,-0.2794,-0.3939,-0.3684,-0.03,0.2399,0.2876,0.0535,8496600000,36.75,18.1164,30.7069,8.4915,14.6039,4.8215,54800000,364000000,231200000,0
ADSK,2007-01,497400000,442800000,100000000,119700000,0.39,243500000,323100000,1189700000,1797500000,61000000,0,574200000,0,682500000,1115000000,1797500000,1115000000,708400000,96400000,190800000,-39400000,100000,180900000,0.1705,0.2738,0.2738,0.3025,0.4706,0.8902,0.2406,0.1938,0.3636,1.6121,0.6203,0,0,4.579,2.9092,2.0427,0.4915,0.7429,0.1848,0.2177,0.1558,0.147,-0.0101,0.3257,0.3885,0.6657,10108064000,43.72,18.6736,34.8914,9.0655,14.2688,5.4941,51300000,355300000,231200000,0
ADSK,2007-04,508600000,455900000,114700000,101400000,0.34,243800000,354500000,1384500000,1989400000,76800000,0,585000000,0,745200000,1244200000,1989400000,1244200000,840200000,83300000,191600000,-96500000,0,184800000,0.1713,0.275,0.275,0.2982,0.4312,0.8963,0.1993,0.1637,0.3633,1.5989,0.6254,0,0,5.1033,3.4462,2.0861,0.4159,0.7579,0.1665,0.7099,0.7175,0.7,-0.0036,0.3819,0.4701,1.3451,9541624000,41.27,14.7406,29.404,7.6688,11.3563,4.9893,47900000,356100000,231200000,0
ADSK,2007-07,525900000,474000000,114900000,114500000,0.38,243000000,359500000,1264900000,1878100000,77100000,0,597500000,0,765400000,1112700000,1878100000,1112700000,695800000,91600000,136600000,117000000,-241300000,125200000,0.1702,0.2794,0.2794,0.301,0.4336,0.9013,0.2177,0.1741,0.238,1.6878,0.5924,0,0,4.579,2.8633,2.1641,0.4711,0.5152,0.1697,0.1214,0.0552,0.0555,-0.0004,0.2728,0.2432,-0.1958,9745100000,42.37,15.7994,29.5933,8.758,14.0056,4.9002,51200000,365700000,230000000,0
ADSK,2007-10,538400000,486800000,123200000,105600000,0.35,239900000,381200000,1320300000,1991000000,77200000,0,608100000,0,812200000,1178800000,1991000000,1178800000,728000000,84800000,161300000,-48000000,-61500000,150400000,0.184,0.3108,0.3108,0.3312,0.4913,0.9041,0.1961,0.1575,0.2793,1.689,0.592,0,0,4.9137,3.0345,2.2442,0.4401,0.6269,0.1786,0.5393,0.462,0.4583,-0.0086,0.2441,0.178,0.1945,11291010000,48.9,17.6064,31.7074,9.5783,15.5096,5.4538,60000000,390800000,230900000,0
ADSK,2008-01,599100000,548300000,132400000,124100000,0.4,240500000,424200000,1481800000,2212200000,79300000,0,730300000,0,981700000,1230500000,2212200000,1230500000,722700000,96500000,219000000,-58200000,-72900000,204800000,0.1694,0.2956,0.2956,0.311,0.4675,0.9152,0.2071,0.161,0.3418,1.7978,0.5562,0,0,5.1164,3.0049,2.491,0.516,0.8515,0.2044,0.0367,0.001,0.0256,-0.0123,0.2307,0.1035,0.1321,9464500000,41.15,14.228,26.5707,7.6915,13.096,4.3575,64400000,443400000,230000000,0
ADSK,2008-04,598800000,540800000,145600000,119900000,0.41,232600000,420900000,1423400000,2140000000,73700000,40000000,734500000,0,1004600000,1135400000,2140000000,1135400000,627200000,94600000,185300000,-15500000,-181300000,170900000,0.1688,0.3106,0.3054,0.317,0.4856,0.9031,0.2002,0.1579,0.2854,1.8847,0.5305,0.0352,0.0186,4.8813,2.6964,2.5743,0.5154,0.7347,0.1773,0.1824,0.1356,0.2058,-0.0459,0.0757,-0.0874,-0.0752,8510024000,38,13.0662,23.1565,7.4951,13.5682,3.7618,60600000,447600000,223948000,0
ADSK,2008-07,619500000,559800000,154800000,118800000,0.39,231100000,441000000,1402500000,2443500000,78100000,120000000,869000000,0,1183600000,1259900000,2443500000,1259900000,526800000,89800000,215000000,-289200000,94800000,189500000,0.1595,0.3053,0.2862,0.2983,0.4933,0.9036,0.1917,0.1449,0.3058,1.9394,0.5156,0.0952,0.0491,5.4517,2.2795,2.6806,0.514,0.8199,0.1779,0.0375,-0.0196,0.0263,-0.0489,0.301,0.1322,0.5135,7173751170,31.89,10.0248,19.6164,5.6939,13.6175,3.0451,106200000,626900000,224953000,0
ADSK,2008-10,607100000,554200000,137000000,139600000,0.45,230400000,414600000,1310400000,2373700000,76000000,3900000,664300000,0,973600000,1400100000,2373700000,1400100000,660100000,104600000,107200000,-157700000,-77000000,88000000,0.16,0.2897,0.2768,0.2948,0.5193,0.9128,0.2299,0.1721,0.1449,1.6953,0.5898,0.0027,0.0016,6.0768,2.865,2.6349,0.6059,0.3819,0.1276,0.3219,0.2323,0.2857,-0.0395,0.1922,0.1877,-0.4148,4822218590,21.31,7.3824,12.5122,3.4441,7.3052,1.9889,107700000,632300000,226289000,0
ADSK,2009-01,489800000,441300000,138700000,35300000,-0.47,226800000,406000000,1388000000,2420700000,62400000,52100000,800100000,0,1110000000,1310700000,2420700000,1310700000,654900000,-105400000,86400000,-15700000,49100000,67100000,0.0765,0.1353,0.1326,0.2443,0.4156,0.9009,0.072,-0.2151,0.1369,1.8468,0.5414,0.0397,0.0215,5.7791,2.8875,2.1596,0.1556,0.2958,-0.1824,-0.7155,-2.0922,-2.175,-0.0569,0.0942,0.0651,-0.6723,3749184000,16.56,7.2729,20.4315,2.8604,5.7248,1.6193,113300000,542500000,226400000,0
ADSK,2009-04,425800000,373500000,121500000,18100000,-0.14,227100000,355400000,1302200000,2269500000,65000000,2100000,681800000,0,941000000,1328500000,2269500000,1328500000,702800000,-32100000,27200000,-38500000,-24600000,13600000,0.0242,0.043,0.0421,0.1911,0.3147,0.8771,0.0425,-0.0753,0.0319,1.7083,0.5853,0.0015,0.0009,5.8498,3.0946,1.8749,0.0797,0.0598,-0.2889,-0.849,-1.3393,-1.3414,-0.0236,0.0605,0.17,-0.9204,4554475460,19.94,12.7148,80.1844,3.4282,6.4804,2.126,105000000,520700000,228409000,0
ADSK,2009-07,414900000,364800000,109800000,29100000,0.05,232300000,335700000,1267300000,2311100000,56700000,0,661700000,0,926000000,1385100000,2311100000,1385100000,762900000,10400000,47300000,-278300000,16600000,36600000,-0.0098,-0.0165,-0.0165,0.1371,0.223,0.8792,0.0701,0.0253,0.0882,1.6685,0.5993,0,0,5.9625,3.2841,1.786,0.1252,0.1575,-0.3302,-0.755,-0.883,-0.8717,0.0051,-0.0541,0.0993,-0.8068,5010476730,21.81,24.4056,-222.6878,3.6174,6.5676,2.5859,96700000,525500000,229733000,0
ADSK,2009-10,416900000,371900000,109300000,31200000,0.13,232900000,340700000,1287100000,2315400000,60000000,0,627300000,0,883700000,1431700000,2315400000,1431700000,812300000,29600000,46700000,-2300000,-16000000,40800000,-0.0421,-0.0692,-0.0692,0.0681,0.1084,0.892,0.0748,0.0707,0.0978,1.6172,0.6183,0,0,6.1472,3.4877,1.79,0.1339,0.1751,-0.3132,-0.7765,-0.7177,-0.7111,0.0108,-0.0245,0.0225,-0.5363,5726919600,24.93,36.2234,-58.7376,4,7.0502,3.2773,88900000,530500000,229720000,0
ADSK,2010-01,456100000,411700000,116800000,56500000,0.22,235100000,355200000,1379600000,2447200000,67800000,0,704000000,0,973700000,1473500000,2447200000,1473500000,842600000,50100000,125600000,36100000,-21300000,116800000,0.0243,0.0399,0.0399,0.0786,0.1237,0.9026,0.1238,0.1098,0.256,1.6608,0.6021,0,0,6.2675,3.584,1.94,0.2403,0.4968,-0.0688,0.6005,1.4753,1.468,0.0365,0.0109,0.1242,0.7406,5445531000,23.79,26.2056,93.8884,3.6956,6.4627,3.1776,88000000,542900000,228900000,0
ADSK,2010-04,474600000,423300000,127200000,57900000,0.16,234600000,365400000,1394000000,2501700000,90400000,0,711000000,0,987600000,1514100000,2501700000,1514100000,893700000,36900000,139100000,-16500000,-22600000,133300000,0.0513,0.085,0.085,0.0988,0.153,0.8919,0.1219,0.0777,0.2808,1.6522,0.6052,0,0,6.4539,3.8094,2.023,0.2468,0.5682,0.1146,2.1988,2.1495,2.1428,0.033,0.1023,0.1397,8.8014,7799447370,33.99,23.8151,61.4129,5.1512,8.7271,4.4252,80100000,540300000,229463000,0
ADSK,2010-07,472800000,424400000,119300000,81700000,0.25,233800000,342700000,1417400000,2525000000,79000000,0,723100000,0,999200000,1525800000,2525000000,1525800000,906500000,59900000,111500000,-133700000,-66500000,106200000,0.0701,0.116,0.116,0.1265,0.1932,0.8976,0.1728,0.1266,0.2246,1.6548,0.6042,0,0,6.526,3.8772,2.0222,0.3494,0.4542,0.1395,1.8075,4.7047,4,0.0064,0.0925,0.1015,1.9016,6713939820,29.54,16.9074,38.0608,4.4002,7.4064,3.6881,73600000,545700000,227283000,0
ADSK,2010-10,476700000,428200000,122800000,69200000,0.23,232400000,359000000,1470800000,2581100000,86100000,0,734700000,0,1025000000,1556100000,2581100000,1556100000,941100000,53600000,114300000,-19000000,-38600000,107300000,0.0785,0.1301,0.1301,0.1454,0.2198,0.8982,0.1451,0.1124,0.225,1.6586,0.6028,0,0,6.6957,4.0494,2.0512,0.2977,0.4617,0.1434,1.2179,0.8169,0.7692,-0.0021,0.1147,0.0868,1.6299,8231699000,36.2,17.756,41.0558,5.2899,8.7468,4.378,65300000,549700000,227395000,0
ADSK,2011-01,527700000,479300000,126900000,73400000,0.26,236600000,405900000,1714300000,2787600000,76800000,0,869800000,0,1178300000,1609300000,2787600000,1609300000,998000000,61600000,175900000,26900000,-31700000,165700000,0.0789,0.1339,0.1339,0.1499,0.2223,0.9082,0.139,0.1167,0.314,1.7321,0.5773,0,0,6.8017,4.218,2.2303,0.3102,0.7003,0.1569,0.2991,0.2295,0.1818,0.0063,0.139,0.0921,0.4186,9234360000,40.68,18.0182,43.5583,5.7381,9.2528,4.7312,57200000,554100000,227000000,0
ADSK,2011-04,528300000,473700000,136600000,78600000,0.29,237100000,395100000,1732400000,2902200000,101700000,0,819500000,0,1151000000,1751200000,2902200000,1751200000,1082700000,69300000,128400000,-152700000,42700000,105200000,0.0859,0.1454,0.1454,0.1514,0.2226,0.8966,0.1487,0.1311,0.1991,1.6572,0.6034,0,0,7.3859,4.5664,2.2281,0.3315,0.4436,0.1131,0.3575,0.878,0.8125,0.0106,0.16,0.1565,-0.2108,10336538940,44.98,21.3388,42.2935,5.9025,9.547,5.154,62800000,605700000,229803000,0
ADSK,2011-07,546300000,488900000,139200000,93700000,0.3,236600000,395200000,1778800000,2973700000,89800000,0,827100000,0,1184600000,1789100000,2973700000,1789100000,1112300000,71200000,132200000,-22100000,-69000000,115600000,0.087,0.1444,0.1444,0.1489,0.2183,0.8949,0.1715,0.1303,0.2116,1.6621,0.6016,0,0,7.5617,4.7011,2.3089,0.396,0.4885,0.1554,0.1468,0.1886,0.2,0.0119,0.1777,0.1725,0.0885,7871580000,34.4,15.9408,30.7844,4.3997,7.0768,3.7862,69400000,607400000,228825000,0
ADSK,2011-10,548600000,489000000,141200000,90200000,0.32,230700000,398800000,1698600000,3005000000,81900000,0,813600000,0,1177500000,1827500000,3005000000,1827500000,1083200000,72800000,137700000,-118300000,-48100000,128800000,0.0919,0.152,0.152,0.1548,0.2303,0.8913,0.1644,0.1327,0.2347,1.6443,0.6081,0,0,7.9215,4.6952,2.3779,0.3909,0.5583,0.1508,0.3034,0.3582,0.3913,-0.0073,0.1642,0.1744,0.2003,7840429200,34.6,15.2152,28.521,4.2902,7.2382,3.6451,90400000,653900000,226602000,0
ADSK,2012-01,592400000,534900000,149500000,91800000,0.31,232100000,443100000,1895900000,3227800000,89300000,0,954100000,0,1344900000,1882900000,3227800000,1882900000,998100000,72000000,175200000,-77200000,-45400000,160900000,0.0915,0.1537,0.1537,0.1586,0.2498,0.9029,0.1549,0.1215,0.2716,1.7142,0.5833,0,0,8.1124,4.3003,2.5523,0.3955,0.6932,0.1226,0.2506,0.1688,0.1923,-0.019,0.1579,0.17,-0.0289,8132400000,36,15.9302,28.5047,4.319,8.1478,3.6705,202400000,682400000,225900000,0
ADSK,2012-04,588600000,529800000,152700000,94000000,0.34,234100000,435800000,1912100000,3317000000,88900000,0,875500000,0,1271700000,2045300000,3317000000,2045300000,1287600000,78900000,139300000,-287000000,63700000,127800000,0.0901,0.1501,0.1501,0.1568,0.2406,0.9001,0.1597,0.134,0.2171,1.6217,0.6166,0,0,8.7368,5.5002,2.5143,0.4015,0.5459,0.1141,0.1959,0.1385,0.1724,-0.0126,0.1429,0.1679,0.2148,9097068420,39.37,17.0644,30.8479,4.4477,7.0651,3.9971,74800000,682900000,231066000,0
ADSK,2012-07,568700000,508900000,144900000,92900000,0.28,232100000,416000000,1902700000,3375900000,82900000,0,901400000,0,1324600000,2051300000,3375900000,2051300000,1240700000,64600000,107100000,-164300000,-87100000,90400000,0.0861,0.1407,0.1407,0.15,0.2203,0.8948,0.1633,0.1135,0.1589,1.6457,0.6076,0,0,8.838,5.3455,2.4502,0.4002,0.3894,0.041,-0.0085,-0.0926,-0.0666,-0.019,0.1352,0.1465,-0.2179,7696448000,33.92,15.1534,26.6959,3.7519,6.2033,3.3487,71400000,739200000,226900000,0
ADSK,2012-10,548000000,490100000,153000000,71100000,0.13,229900000,419000000,1724600000,3429200000,75900000,110000000,985300000,0,1411300000,2017900000,3429200000,2017900000,1117400000,29400000,157100000,-279200000,19900000,140600000,0.0719,0.1203,0.1171,0.1391,0.2108,0.8943,0.1297,0.0536,0.2565,1.6993,0.5884,0.0545,0.032,8.7772,4.8603,2.3836,0.3092,0.6115,-0.001,-0.2117,-0.5961,-0.5937,-0.0034,0.1411,0.1041,0.0916,7156695000,31.85,13.7708,29.2229,3.5466,6.4047,3.1147,75900000,824600000,224700000,0
ADSK,2013-01,606900000,544900000,149400000,91800000,0.32,232600000,453100000,2552400000,4308400000,94200000,0,1043700000,745600000,2265200000,2043200000,4308400000,2043200000,1027500000,74500000,155600000,83300000,544900000,143900000,0.0639,0.1218,0.1006,0.1202,0.1792,0.8978,0.1512,0.1227,0.2371,2.1086,0.4742,0.3649,0.173,8.7841,4.4174,2.6092,0.3946,0.6186,0.0244,0,0.0347,0.0322,0.0021,0.3347,0.0851,-0.1056,8693568000,38.88,17.2937,35.1397,4.2548,8.4608,3.7598,144200000,871500000,223600000,0
ADSK,2013-04,570400000,502900000,150800000,81800000,0.24,229300000,421100000,2511100000,4289700000,86100000,0,979800000,745800000,2205200000,2084500000,4289700000,2084500000,1060100000,55600000,224100000,-131700000,-50200000,198300000,0.0521,0.1085,0.0797,0.1026,0.1489,0.8816,0.1434,0.0974,0.3476,2.0579,0.4859,0.3577,0.1738,9.0907,4.6232,2.4875,0.3567,0.8648,-0.0309,-0.1297,-0.2953,-0.2941,-0.0205,0.2932,0.0191,0.5516,8833839740,39.38,15.4114,39.4191,4.2378,8.333,3.8508,128700000,895700000,224323000,0
ADSK,2013-07,561700000,493900000,148900000,85300000,0.27,228300000,408600000,2436500000,4223300000,74400000,0,955900000,746000000,2172200000,2051100000,4223300000,2051100000,1033300000,61700000,65300000,-213800000,-106600000,48500000,0.0519,0.1069,0.0786,0.1003,0.1455,0.8792,0.1518,0.1098,0.0863,2.059,0.4856,0.3637,0.1766,8.9842,4.526,2.4603,0.3736,0.2124,-0.0123,-0.0818,-0.0448,-0.0357,-0.0163,0.251,-0.0001,-0.4634,7891970000,35.39,14.854,35.6779,3.8476,7.6376,3.4507,114600000,903200000,223000000,0
ADSK,2013-10,555200000,488100000,149000000,72500000,0.25,227700000,415600000,2517900000,4321500000,75300000,0,948100000,746200000,2159600000,2161900000,4321500000,2161900000,1139500000,57600000,90600000,-38000000,20700000,78200000,0.0583,0.1183,0.0874,0.0998,0.144,0.8791,0.1305,0.1037,0.1408,1.9989,0.5002,0.3451,0.1726,9.4945,5.0043,2.4382,0.3184,0.3434,0.0131,0.0196,0.9591,0.923,-0.0095,0.2602,0.0713,-0.4438,8961739500,39.9,19.1122,35.9331,4.1453,7.8646,3.9062,100100000,922300000,224605000,0
ADSK,2014-01,586600000,514700000,162400000,58000000,0.23,232600000,456700000,2835000000,4595000000,84500000,0,1071500000,746400000,2333500000,2261500000,4595000000,2261500000,1147300000,53900000,183500000,189500000,9600000,174300000,0.0513,0.1034,0.0773,0.0862,0.125,0.8774,0.0988,0.0918,0.2971,2.0318,0.4921,0.33,0.1624,9.7226,4.9325,2.5219,0.2493,0.7493,-0.0334,-0.3681,-0.2765,-0.2812,0,0.0665,0.1068,0.2112,11618375000,51.25,23.2693,50.7796,5.1374,10.1267,5.1094,104300000,1009900000,226700000,0
ADSK,2014-04,592500000,513800000,170500000,44500000,0.12,231600000,469300000,2590300000,4648600000,90300000,0,1118700000,746600000,2359900000,2288700000,4648600000,2288700000,841200000,28300000,218700000,-421700000,-40300000,204200000,0.0435,0.0885,0.0666,0.0738,0.1159,0.8671,0.0751,0.0477,0.3446,2.0311,0.4923,0.3262,0.1606,9.8821,3.6321,2.5582,0.1921,0.8816,0.0387,-0.4559,-0.491,-0.5,0.01,0.0836,0.0979,0.0297,10923541580,48.02,21.6222,54.2111,4.7728,12.9856,4.7576,184500000,1263000000,227479000,0
ADSK,2014-07,637100000,549200000,179300000,50700000,0.13,232400000,498500000,2450000000,4703400000,92400000,0,1157300000,746800000,2420000000,2283400000,4703400000,2283400000,631400000,31300000,96200000,-308700000,-74400000,79100000,0.0365,0.0748,0.0564,0.0637,0.1135,0.862,0.0795,0.0491,0.1241,2.0598,0.4854,0.327,0.1587,9.8253,2.7168,2.7413,0.2181,0.3403,0.1342,-0.4056,-0.4927,-0.5185,0.0179,0.1136,0.1132,0.6309,12123040600,53.35,22.626,70.8535,5.3092,19.2002,5.1121,204400000,1447600000,227236000,0
ADSK,2014-10,618000000,532000000,183900000,14600000,0.05,231500000,517400000,2458700000,4736800000,99100000,0,1193300000,747000000,2468300000,2268500000,4736800000,2268500000,600600000,10700000,136000000,-47300000,-65000000,107600000,0.0263,0.0545,0.041,0.0473,0.089,0.8608,0.0236,0.0173,0.1741,2.088,0.4789,0.3292,0.1577,9.7991,2.5943,2.6695,0.063,0.4647,0.1131,-0.7986,-0.8142,-0.8,0.0166,0.0961,0.0493,0.3759,13091500800,57.54,23.1625,105.4066,5.7709,21.7973,5.3781,193800000,1474100000,227520000,0
ADSK,2015-01,664600000,575100000,191500000,14000000,0.05,233900000,561100000,2671300000,4909700000,100500000,0,1400100000,743100000,2690500000,2219200000,4909700000,2219200000,591100000,11500000,257700000,-127900000,-60700000,242200000,0.0169,0.0364,0.0273,0.0351,0.0659,0.8653,0.021,0.0173,0.3644,2.2123,0.452,0.3348,0.1513,9.4878,2.5271,2.8413,0.0598,1.0354,0.1329,-0.7586,-0.7866,-0.7826,0.0055,0.0684,-0.0187,0.3895,12260270000,54.01,19.3654,149.881,5.5246,20.7414,4.8802,171900000,1456200000,227000000,0
ADSK,2015-04,646500000,554700000,194500000,21500000,0.08,231700000,533200000,2341000000,4775900000,93100000,0,1270300000,747400000,2551500000,2224400000,4775900000,2224400000,584900000,19100000,86500000,-252900000,-61300000,74000000,0.0149,0.0326,0.0244,0.0287,0.0537,0.858,0.0332,0.0295,0.1144,2.147,0.4657,0.336,0.1564,9.6003,2.5243,2.7902,0.0927,0.3193,0.0911,-0.5168,-0.325,-0.3333,0.0004,0.0273,-0.028,-0.6376,12935701430,56.83,25.7222,178.1777,5.8153,22.116,5.0408,163400000,1476100000,227621000,0
ADSK,2015-07,609500000,516500000,193100000,4300000,-1.18,227000000,512200000,2899800000,5341800000,90800000,0,1313800000,1486200000,3439700000,1902100000,5341800000,1902100000,285200000,-268600000,77200000,-413700000,628800000,59900000,-0.0449,-0.1101,-0.0714,0.0144,0.0254,0.8474,0.007,-0.4406,0.0982,2.8083,0.356,0.7813,0.2782,8.3792,1.2563,2.685,0.0189,0.2638,-0.0433,-0.9151,-9.5814,-10.0769,-0.0232,0.1357,-0.1669,-0.2427,11441145420,50.58,23.6533,-50.3349,6.015,40.1162,4.5068,143100000,1473800000,226199000,0
ADSK,2015-10,599800000,508800000,197900000,-14800000,-0.19,225300000,523600000,2747500000,5220000000,104600000,0,1311200000,1486900000,3486900000,1733100000,5220000000,1733100000,64500000,-43800000,80400000,-89500000,-126200000,68400000,-0.0533,-0.155,-0.0852,0.0062,0.0107,0.8482,-0.0246,-0.073,0.114,3.0119,0.332,0.8579,0.2848,7.6924,0.2862,2.6622,-0.0656,0.3035,-0.0294,-2.0136,-5.0934,-4.8,-0.0267,0.102,-0.236,-0.3643,12435576370,55.19,27.9765,-44.129,7.1753,192.7996,4.9339,153600000,1515000000,225323000,0
ADSK,2016-01,648300000,553400000,204500000,-9700000,-0.15,224500000,563100000,2993100000,5515300000,119900000,0,1591000000,1487700000,3895700000,1619600000,5515300000,1619600000,-62200000,-37200000,169900000,-53400000,-98100000,139300000,-0.0615,-0.1971,-0.1044,0.0003,0.0005,0.8536,-0.0149,-0.0573,0.2148,3.4053,0.2936,0.9185,0.2697,7.2142,-0.277,2.8877,-0.0432,0.6204,-0.0245,-1.6928,-4.2347,-4,-0.0401,0.1233,-0.2701,-0.4248,10506408000,46.82,30.7564,-31.7894,6.487,-168.9133,4.1956,146800000,1535000000,224400000,0
ADSK,2016-04,511900000,419500000,193500000,-97400000,-0.75,224400000,516900000,2629000000,5205600000,107200000,0,1474500000,1488400000,3769700000,1435900000,5205600000,1435900000,-287800000,-167700000,164400000,-230200000,-67200000,142100000,-0.0965,-0.3386,-0.1715,-0.0307,-0.0553,0.8194,-0.1902,-0.3276,0.2775,3.6253,0.2758,1.0365,0.2859,6.3988,-1.2825,2.2811,-0.434,0.6332,-0.2081,-5.5302,-9.7801,-10.375,-0.0315,0.0899,-0.3544,0.9202,13434913980,59.82,32.792,-25.9712,9.3564,-46.6814,5.6699,143200000,1580500000,224589000,0
ADSK,2016-07,550700000,465600000,193000000,-46900000,-0.44,223200000,512500000,2486500000,5047400000,110300000,0,1559600000,1489200000,3715700000,1331700000,5047400000,1331700000,-405800000,-98200000,-18000000,430800000,-168500000,-38300000,-0.0676,-0.2506,-0.1207,-0.0467,-0.0898,0.8454,-0.0851,-0.1783,-0.0695,3.7901,0.2638,1.1182,0.295,5.9663,-1.8181,2.4672,-0.2101,-0.1715,-0.0964,-11.9069,0.6344,0.6271,-0.0167,-0.0551,-0.2998,-1.6393,13191538850,59.45,42.3484,-38.0269,9.9057,-32.5074,5.7088,140100000,1597400000,221893000,0
ADSK,2016-10,489600000,408100000,192600000,-116700000,-0.64,222300000,524800000,2332100000,4829200000,102800000,0,1597600000,1489900000,3768600000,1060600000,4829200000,1060600000,-611300000,-142800000,7700000,85200000,-118600000,-14800000,-0.0902,-0.3727,-0.166,-0.0805,-0.1635,0.8335,-0.2383,-0.2916,-0.0302,4.5532,0.2196,1.4047,0.3085,4.771,-2.7498,2.2024,-0.5249,-0.0665,-0.1837,-6.8851,-2.2602,-2.3684,-0.0133,-0.0748,-0.388,-1.2163,16086347680,72.28,70.4614,-36.0761,15.1672,-26.3149,7.3103,114600000,1557300000,222556000,0
ADSK,2017-01,478800000,395900000,187000000,-158100000,-0.77,220900000,554000000,2460600000,4798100000,93500000,398700000,2185400000,1092000000,4064500000,733600000,4798100000,733600000,-925000000,-173400000,15600000,-13800000,-224000000,4700000,-0.1209,-0.6488,-0.2438,-0.1342,-0.2877,0.8268,-0.3302,-0.3621,0.0098,6.5404,0.1528,2.032,0.3106,3.3209,-4.1874,2.1674,-0.7157,0.0212,-0.2614,-15.2989,-3.6612,-4.1333,-0.016,-0.13,-0.547,-0.9662,17919202000,81.34,191.2401,-30.7837,24.4263,-19.3721,8.8228,97500000,1561100000,220300000,0
ADSK,2017-04,485700000,407500000,187700000,-119900000,-0.59,219900000,527400000,2139700000,4431400000,93400000,399100000,2049600000,1092400000,3923300000,508100000,4431400000,508100000,-1150200000,-129600000,45200000,258500000,-178800000,36600000,-0.1178,-0.8762,-0.2575,-0.1524,-0.3567,0.8389,-0.2468,-0.2668,0.0753,8.7215,0.1146,2.9354,0.3365,2.3105,-5.2305,2.2087,-0.5452,0.1664,-0.0511,-0.231,0.2271,0.2133,-0.02,-0.1487,-0.6461,-0.7424,19845753590,90.07,-1681.8435,-36.4811,39.0587,-17.2541,9.8991,87600000,1570700000,220337000,0
ADSK,2017-07,501800000,427200000,193800000,-107100000,-0.66,219500000,534300000,2083300000,4354000000,93000000,0,1701700000,1584900000,4038500000,315500000,4354000000,315500000,-1343500000,-144000000,-72500000,-57800000,-39200000,-90300000,-0.1342,-1.4322,-0.3024,-0.1847,-0.4743,0.8513,-0.2134,-0.2869,-0.1799,13.8003,0.0724,5.0234,0.364,1.4373,-6.1207,2.2861,-0.4879,-0.4113,-0.0887,-1.2835,-0.4663,-0.5,-0.0165,-0.1373,-0.763,-1.3577,24284281680,110.79,-380.6313,-41.1737,76.9707,-18.0753,12.4159,70400000,1588600000,219192000,0
ADSK,2017-10,515300000,437800000,191800000,-100000000,-0.55,219600000,537800000,1871900000,4152000000,93300000,0,1750000000,1585400000,4044700000,107300000,4152000000,107300000,-1543000000,-119800000,-51100000,58200000,-156200000,-64000000,-0.1332,-2.6811,-0.3154,-0.1919,-0.5559,0.8496,-0.194,-0.2324,-0.1241,38.6952,0.0258,14.7753,0.3818,0.4886,-7.0264,2.3465,-0.4553,-0.2914,0.0524,0.1431,0.161,0.1406,-0.0121,-0.1402,-0.8988,-3.3243,27524564320,124.96,-243.5802,-48.5613,256.5197,-17.8383,13.89,61600000,1588700000,220267000,0
ADSK,2018-01,553800000,480700000,182200000,-88000000,-0.79,218900000,568700000,1877900000,4113600000,94700000,0,2123200000,1586000000,4369600000,-256000000,4113600000,-256000000,-1931400000,-173500000,79300000,247500000,-282400000,67900000,-0.1371,7.6247,-0.375,-0.1889,-0.7781,0.868,-0.1589,-0.3132,0.1226,-16.0687,-0.0622,-6.1953,0.3855,-1.1694,-8.8232,2.5299,-0.402,0.3101,0.1566,0.4433,-0.0005,-0.0259,-0.009,-0.1426,-1.3489,13.4468,25239846000,115.62,-506.8242,-44.5225,-98.5931,-13.0681,12.2726,55200000,1620200000,218300000,0
ADSK,2018-04,559900000,493100000,172800000,-32800000,-0.38,218600000,525900000,1698000000,3911400000,103500000,0,1852600000,1586600000,4040000000,-128600000,3911400000,-128600000,-1780400000,-82400000,-16900000,47600000,-11700000,-33600000,-0.1295,2.7025,-0.3728,-0.1619,-0.9083,0.8806,-0.0585,-0.1471,-0.06,-30.4152,-0.0328,-12.3374,0.4056,-0.5882,-8.1445,2.5612,-0.15,-0.1537,0.1527,0.7264,0.3641,0.3559,-0.0059,-0.1173,-1.253,-1.918,27585823100,125.9,-229.8818,-53.0802,-214.5087,-15.4941,12.9462,46900000,1604900000,219109000,0
ADSK,2018-07,611700000,541900000,180800000,-10900000,-0.18,219000000,552800000,1598800000,3833000000,82200000,0,1915100000,1587200000,4074600000,-241600000,3833000000,-241600000,-1958200000,-39400000,43300000,-87900000,-145600000,23300000,-0.1072,2.2425,-0.2961,-0.1165,-0.7617,0.8858,-0.0178,-0.0644,0.038,-15.865,-0.063,-6.5695,0.414,-1.1031,-8.9415,2.7931,-0.0497,0.1063,0.219,0.8982,0.7263,0.7272,-0.0022,-0.1196,-1.7657,1.258,28207735920,128.44,-4407.4587,-67.954,-116.7538,-14.4049,12.5888,57900000,1658700000,219618000,0
ADSK,2018-10,660900000,588600000,181000000,18400000,-0.11,218900000,570200000,1590000000,3774400000,88600000,0,1985500000,1587800000,4112700000,-338300000,3774400000,-338300000,-2033000000,-23700000,39200000,80000000,-134600000,26500000,-0.0838,1.1001,-0.2458,-0.0611,-0.7668,0.8906,0.0278,-0.0358,0.04,-11.1569,-0.0896,-4.6934,0.4206,-1.5454,-9.2873,3.0191,0.084,0.121,0.2825,1.184,0.8021,0.8,-0.0031,-0.0909,-4.1528,1.414,28318675000,129.25,336.7262,-88.7732,-83.7087,-13.9295,11.8671,49400000,1645300000,219100000,0
ADSK,2019-01,737300000,660300000,190400000,42200000,0.29,219500000,618100000,1620000000,4729200000,101600000,0,2301200000,2087700000,4940100000,-210900000,4729200000,-210900000,-2942500000,64700000,311500000,-750100000,443800000,293900000,-0.019,0.2942,-0.0516,0.008,-0.1614,0.8955,0.0572,0.0877,0.3986,-22.4238,-0.0445,-9.899,0.4414,-0.9608,-13.4054,3.3589,0.1922,1.3389,0.3313,1.4795,1.3729,1.367,0.0027,0.1496,0.1761,3.3284,32295680000,147.2,104.146,-399.699,-153.1326,-10.9755,12.5673,280800000,2450800000,219400000,0
ADSK,2019-04,735500000,652800000,205600000,25000000,-0.11,219600000,627800000,1422300000,4808500000,98000000,0,2220700000,1963300000,5053800000,-245300000,4808500000,-245300000,-2953300000,-24200000,221200000,-29200000,-192400000,206500000,-0.0047,0.099,-0.0117,0.0297,-0.3525,0.8875,0.0339,-0.0329,0.2807,-19.6025,-0.051,-9.0864,0.4635,-1.117,-13.4485,3.3492,0.1138,0.9403,0.3136,1.7621,0.7063,0.7105,0.0045,0.2293,-0.9074,7.1458,39134916000,178.21,71.1285,-1731.6334,-159.5389,-13.2512,14.2547,261800000,2446200000,219600000,0
ADSK,2019-07,796800000,717300000,215400000,74000000,0.18,222400000,643300000,1515500000,4872700000,93000000,449200000,2707300000,1389800000,5067000000,-194300000,4872700000,-194300000,-2869300000,40200000,219300000,-3300000,-173700000,204500000,0.0117,-0.2593,0.0293,0.0613,-1.7674,0.9002,0.0928,0.0504,0.2566,-25.0782,-0.0398,-10.7931,0.4303,-0.8736,-12.9015,3.5827,0.3327,0.9195,0.3025,7.7889,2.0203,2,0.0155,0.2712,0.1957,7.7768,34279315000,156.17,46.868,601.3914,-176.4246,-11.9469,11.6974,243200000,2431800000,219500000,0
ADSK,2019-10,842700000,763200000,213000000,110700000,0.3,221900000,652500000,1706800000,5036600000,106100000,449400000,2840200000,1290300000,5208100000,-171500000,5036600000,-171500000,-2840300000,66700000,276400000,-10200000,-233900000,266700000,0.0297,-0.8059,0.0794,0.0957,-6.0407,0.9056,0.1313,0.0791,0.3164,-29.3679,-0.034,-11.5422,0.393,-0.7728,-12.7999,3.7976,0.4988,1.2018,0.275,5.0163,3.8143,3.7272,0.0137,0.3344,0.493,9.0641,32419200000,147.36,33.3668,219.9402,-189.0332,-11.414,10.4164,225200000,2443600000,220000000,0
ADSK,2020-01,899300000,816100000,217100000,133800000,0.59,223700000,682300000,2659300000,6179300000,83700000,449700000,3219200000,1635100000,6318400000,-139100000,6179300000,-139100000,-2791200000,131800000,698200000,-14600000,133200000,684200000,0.0382,-1.3811,0.1029,0.1134,0.935,0.9074,0.1487,0.1465,0.7608,-44.4234,-0.0225,-17.9475,0.404,-0.6218,-12.4774,4.0201,0.5981,3.0585,0.2197,2.1706,1.037,1.0344,0.0191,0.3066,0.3404,1.328,43188890000,196.85,31.7122,201.3468,-310.488,-15.4732,13.1902,207100000,2445000000,219400000,0
ADSK,2020-04,885700000,803800000,217400000,130600000,0.3,221300000,673200000,2024300000,5543900000,85200000,0,2578300000,1635600000,5683000000,-139100000,5543900000,-139100000,-2762700000,66500000,327300000,-78000000,-630200000,303800000,0.052,-2.1941,0.1434,0.1408,0.8167,0.9075,0.1474,0.075,0.343,-39.8554,-0.025,-14.6484,0.3675,-0.6285,-12.4839,4.0022,0.5901,1.3727,0.2042,4.224,3.7479,3.7272,0.0077,0.1529,0.4329,0.4711,41018896000,187.13,28.1105,134.4,-294.8878,-14.8473,11.978,193400000,2430200000,219200000,0
ADSK,2020-07,913100000,832200000,232500000,146100000,0.44,222200000,686100000,2203900000,5747300000,99200000,0,2619600000,1636100000,5680000000,67300000,5747300000,67300000,-2569900000,98200000,91200000,-33800000,-12400000,63200000,0.0643,-10.1169,0.1818,0.171,1.2521,0.9114,0.16,0.1075,0.0692,85.3982,0.0117,30.1545,0.3531,0.3028,-11.5657,4.1093,0.6575,0.2844,0.1459,0.9743,1.4427,1.4444,-0.0008,0.1794,1.3463,-0.6909,51849099000,236.43,39.3422,142.7563,770.4175,-20.1755,14.6433,178100000,2459100000,219300000,0
ADSK,2020-10,952400000,868700000,233000000,168000000,0.59,222300000,700700000,2339800000,5944500000,121300000,0,2811600000,1636600000,5875200000,69300000,5944500000,69300000,-2693800000,132200000,361100000,-64900000,-201400000,340200000,0.0733,6.2767,0.2041,0.1848,1.3448,0.9121,0.1763,0.1388,0.3572,85.7792,0.0116,29.3621,0.3422,0.3117,-12.1178,4.2843,0.7557,1.5303,0.1301,0.5176,0.982,0.9666,0.0018,0.1802,1.404,0.2755,51748138000,235.54,37.1914,120.7094,746.7263,-19.21,14.1756,278900000,2484200000,219700000,0
ADSK,2021-01,1039200000,948600000,249600000,184400000,4.1,222100000,764200000,2699200000,7279800000,122500000,0,3254700000,1637200000,6314300000,965500000,7279800000,965500000,-1940300000,911300000,657600000,-227200000,-202800000,634100000,0.1827,2.3351,0.4735,0.1757,0.8449,0.9128,0.1774,0.8769,0.6101,7.5399,0.1326,2.1058,0.2792,4.3471,-8.7361,4.6789,0.8302,2.855,0.1555,0.3781,5.9142,5.9491,-0.0071,0.178,7.941,-0.0732,60923628000,277.43,45.4213,50.4251,63.1005,-31.399,16.0731,199300000,2706500000,219600000,0
ADSK,2021-04,989300000,896500000,265500000,133800000,0.7,222000000,762700000,1505400000,7298300000,124000000,0,3130100000,1637900000,6169900000,1128400000,7298300000,1128400000,-2529500000,155600000,336100000,-1040400000,-142100000,314900000,0.1779,1.2391,0.4224,0.1543,0.776,0.9061,0.1352,0.1572,0.3183,6.4678,0.1546,1.7858,0.2761,5.0828,-11.3941,4.4563,0.6027,1.4184,0.1169,0.0245,1.3398,1.3333,0.0031,0.3164,9.1121,0.0365,64220200000,291.91,47.486,49.5029,56.9126,-25.3884,16.492,173900000,3484000000,220000000,0
ADSK,2021-07,1059700000,954300000,276900000,148100000,0.52,222500000,806200000,1546000000,7420600000,108400000,0,3087400000,1638400000,6092800000,1327800000,7420600000,1327800000,-2745700000,115600000,202000000,-146000000,-53800000,179400000,0.1786,1.0705,0.4064,0.1492,1.6475,0.9005,0.1397,0.109,0.1692,5.5886,0.1789,1.5042,0.2691,5.9676,-12.3402,4.7626,0.6656,0.8062,0.1605,0.0136,0.1771,0.1818,0.0013,0.2911,18.7295,1.8386,70616487000,321.13,48.0842,53.713,53.183,-25.7189,17.4767,511300000,3562200000,219900000,0
ADSK,2021-10,1125800000,1018700000,282100000,193300000,0.61,222500000,825400000,2654800000,8531000000,133600000,0,3281500000,2626800000,7251100000,1279900000,8531000000,1279900000,-2797500000,136700000,270400000,-112600000,669200000,255100000,0.1654,1.0117,0.3487,0.1376,0.9213,0.9048,0.1717,0.1214,0.2265,6.6653,0.15,2.3125,0.3469,5.7523,-12.573,5.0597,0.8687,1.1465,0.182,0.1505,0.034,0.0338,0.0008,0.4351,17.4689,-0.2501,69937722000,317.61,50.5512,53.0152,54.6431,-25,16.5965,498200000,3579200000,220200000,0
ADSK,2022-01,1211600000,1098400000,290300000,142400000,0.4,221200000,956000000,2763800000,8606800000,120800000,349700000,4009400000,2277900000,7757700000,849100000,8606800000,849100000,-3248500000,89100000,722800000,-295600000,-641900000,715400000,0.058,0.4668,0.1232,0.1211,0.611,0.9065,0.1175,0.0735,0.5904,10.1363,0.0986,3.5018,0.3454,3.8386,-14.6858,5.4773,0.6437,3.2341,0.1658,-0.2277,-0.9022,-0.9024,-0.004,0.1822,-0.1205,0.1282,54947055670,249.79,37.5116,110.5574,64.7121,-16.9145,12.5266,493800000,3603800000,219973000,0
